@inproceedings{mcleod1980federated, title={A federated architecture for database systems}, author={McLeod, Dennis and Heimbigner, Dennis}, booktitle={Proceedings of the May 19-22, 1980, national computer conference}, pages={283--289}, year={1980} }

@inproceedings{smith1981multibase, title={Multibase: integrating heterogeneous distributed database systems}, author={Smith, John Miles and Bernstein, Philip A and Dayal, Umeshwar and Goodman, Nathan and Landers, Terry and Lin, Ken WT and Wong, Eugene}, booktitle={Proceedings of the May 4-7, 1981, national computer conference}, pages={487--499}, year={1981} }


@book{Ceri1984,
author = {Ceri, Stefano and Pelagatti, Giuseppe},
title = {Distributed databases principles and systems},
year = {1984},
isbn = {0070108293},
publisher = {McGraw-Hill, Inc.},
address = {USA}
}


@article{McLeod1985,
author = {Heimbigner, Dennis and McLeod, Dennis},
title = {A federated architecture for information management},
year = {1985},
issue_date = {July 1985},
publisher = {Association for Computing Machinery},
address = {New York, NY, USA},
volume = {3},
number = {3},
issn = {1046-8188},
url = {https://doi.org/10.1145/4229.4233},
doi = {10.1145/4229.4233},
abstract = {An approach to the coordinated sharing and interchange of computerized information is described emphasizing partial, controlled sharing among autonomous databases. Office information systems provide a particularly appropriate context for this type of information sharing and exchange. A federated database architecture is described in which a collection of independent database systems are united into a loosely coupled federation in order to share and exchange information. A federation consists of components (of which there may be any number) and a single federal dictionary. The components represent individual users, applications, workstations, or other components in an office information system. The federal dictionary is a specialized component that maintains the topology of the federation and oversees the entry of new components. Each component in the federation controls its interactions with other components by means of an export schema and an import schema. The export schema specifies the information that a component will share with other components, while the import schema specifies the nonlocal information that a component wishes to manipulate. The federated architecture provides mechanisms for sharing data, for sharing transactions (via message types) for combining information from several components, and for coordinating activities among autonomous components (via negotiation). A prototype implementation of the federated database mechanism is currently operational on an experimental basis.},
journal = {ACM Trans. Inf. Syst.},
month = {jul},
pages = {253–278},
numpages = {26}
}

@article{Batini1986,
author = {Batini, C. and Lenzerini, M. and Navathe, S. B.},
title = {A comparative analysis of methodologies for database schema integration},
year = {1986},
issue_date = {Dec. 1986},
publisher = {Association for Computing Machinery},
address = {New York, NY, USA},
volume = {18},
number = {4},
issn = {0360-0300},
url = {https://doi.org/10.1145/27633.27634},
doi = {10.1145/27633.27634},
abstract = {One of the fundamental principles of the database approach is that a database allows a nonredundant, unified representation of all data managed in an organization. This is achieved only when methodologies are available to support integration across organizational and application boundaries.Methodologies for database design usually perform the design activity by separately producing several schemas, representing parts of the application, which are subsequently merged. Database schema integration is the activity of integrating the schemas of existing or proposed databases into a global, unified schema.The aim of the paper is to provide first a unifying framework for the problem of schema integration, then a comparative review of the work done thus far in this area. Such a framework, with the associated analysis of the existing approaches, provides a basis for identifying strengths and weaknesses of individual methodologies, as well as general guidelines for future improvements and extensions.},
journal = {ACM Comput. Surv.},
month = {dec},
pages = {323–364},
numpages = {42}
}

@article{deen1987data, title={Data integration in distributed databases}, author={Deen, S. Misbah and Amin, RR and Taylor, Malcolm C.}, journal={IEEE Transactions on Software Engineering}, number={7}, pages={860--864}, year={1987}, publisher={IEEE} }

@article{breitbart1990multidatabase, title={Multidatabase interoperability}, author={Breitbart, Yuri}, journal={ACM SIGMOD Record}, volume={19}, number={3}, pages={53--60}, year={1990}, publisher={ACM New York, NY, USA} }

@article{goodhue1992impact, title={The impact of data integration on the costs and benefits of information systems}, author={Goodhue, Dale L and Wybo, Michael D and Kirsch, Laurie J}, journal={MIS quarterly}, pages={293--311}, year={1992}, publisher={JSTOR} }

@article{zhou1995data,
  title={Data Integration and Warehousing Using H2O.},
  author={Zhou, Gang and Hull, Richard and King, Roger and Franchitti, Jean-Claude},
  journal={IEEE Data Eng. Bull.},
  volume={18},
  number={2},
  pages={29--40},
  year={1995},
  publisher={Citeseer}
}

@inproceedings{gertz1998data, title={Data Integration Techniques based on Data Quality Aspects.}, author={Gertz, Michael and Schmitt, Ingo}, booktitle={F{\"o}derierte Datenbanken}, pages={1--19}, year={1998}, organization={Citeseer} }


@article{calvanese2001data,
  title={Data integration in data warehousing},
  author={Calvanese, Diego and De Giacomo, Giuseppe and Lenzerini, Maurizio and Nardi, Daniele and Rosati, Riccardo},
  journal={International Journal of Cooperative Information Systems},
  volume={10},
  number={03},
  pages={237--271},
  year={2001},
  publisher={World Scientific}
}


@inproceedings{lenzerini2002data,
  title={Data integration: A theoretical perspective},
  author={Lenzerini, Maurizio},
  booktitle={Proceedings of the twenty-first ACM SIGMOD-SIGACT-SIGART symposium on Principles of database systems},
  pages={233--246},
  year={2002}
}

@inproceedings{hansen2002data, title={Data integration using web services}, author={Hansen, Mark and Madnick, Stuart and Siegel, Michael}, booktitle={Workshop on Data Integration over the Web}, pages={165--182}, year={2002}, organization={Springer} }


@inproceedings{halevy2006data,
  title={Data integration: The teenage years},
  author={Halevy, Alon and Rajaraman, Anand and Ordille, Joann},
  booktitle={Proceedings of the 32nd international conference on Very large data bases},
  pages={9--16},
  year={2006}
}


@incollection{ziegler2007data,
  title={Data integration—problems, approaches, and perspectives},
  author={Ziegler, Patrick and Dittrich, Klaus R},
  booktitle={Conceptual modelling in information systems engineering},
  pages={39--58},
  year={2007},
  publisher={Springer}
}



@article{dong2009data,
  title={Data integration with uncertainty},
  author={Dong, Xin Luna and Halevy, Alon and Yu, Cong},
  journal={The VLDB Journal},
  volume={18},
  pages={469--500},
  year={2009},
  publisher={Springer}
}

@book{martin1986information,
  title={Information Engineering},
  author={Martin, James},
  year={1986},
  publisher={Savant Research Studies, Carnforth, Lancashire, England}
}


@book{doan2012principles,
  title={Principles of data integration},
  author={Doan, AnHai and Halevy, Alon and Ives, Zachary},
  year={2012},
  publisher={Elsevier}
}


@inproceedings{dong2013big,
  title={Big data integration},
  author={Dong, Xin Luna and Srivastava, Divesh},
  booktitle={2013 IEEE 29th international conference on data engineering (ICDE)},
  pages={1245--1248},
  year={2013},
  organization={IEEE}
}

@article{gligorijevic2015methods,
  title={Methods for biological data integration: perspectives and challenges},
  author={Gligorijevi{\'c}, Vladimir and Pr{\v{z}}ulj, Nata{\v{s}}a},
  journal={Journal of the Royal Society Interface},
  volume={12},
  number={112},
  pages={20150571},
  year={2015},
  publisher={The Royal Society}
}

@article{miller2018open,
  title={Open data integration},
  author={Miller, Ren{\'e}e J},
  journal={Proceedings of the VLDB Endowment},
  volume={11},
  number={12},
  pages={2130--2139},
  year={2018},
  publisher={VLDB Endowment}
}



@article{kossmann2000state,
  title={The state of the art in distributed query processing},
  author={Kossmann, Donald},
  journal={ACM Computing Surveys (CSUR)},
  volume={32},
  number={4},
  pages={422--469},
  year={2000},
  publisher={ACM New York, NY, USA}
}


@inproceedings{hull1997managing,
  title={Managing semantic heterogeneity in databases: a theoretical prospective},
  author={Hull, Richard},
  booktitle={Proceedings of the sixteenth ACM SIGACT-SIGMOD-SIGART symposium on Principles of database systems},
  pages={51--61},
  year={1997}
}

@inproceedings{hakimpour2001resolving, title={Resolving semantic heterogeneity in schema integration}, author={Hakimpour, Farshad and Geppert, Andreas}, booktitle={Proceedings of the international conference on Formal Ontology in Information Systems-Volume 2001}, pages={297--308}, year={2001} }

@inproceedings{breitbart1986database,
  title={Database integration in a distributed heterogeneous database system},
  author={Breitbart, Yuri and Olson, Peter L and Thompson, Glenn R},
  booktitle={1986 IEEE Second International Conference on Data Engineering},
  pages={301--310},
  year={1986},
  organization={IEEE}
}

@article{reddy1994methodology,
  title={A methodology for integration of heterogeneous databases},
  author={Reddy, MP and Prasad, Bandreddi E and Reddy, PG and Gupta, Amar},
  journal={IEEE transactions on knowledge and data engineering},
  volume={6},
  number={6},
  pages={920--933},
  year={1994},
  publisher={IEEE}
}


@rfc{bishop2022http,
author = {Bishop, M.},
title = {RFC 9114: HTTP/3},
year = {2022},
publisher = {RFC Editor},
address = {USA},
abstract = {The QUIC transport protocol has several features that are desirable in a transport for HTTP, such as stream multiplexing, per-stream flow control, and low-latency connection establishment.  This document describes a mapping of HTTP semantics over QUIC.  This document also identifies HTTP/2 features that are subsumed by QUIC and describes how HTTP/2 extensions can be ported to HTTP/3.}
}

@rfc{eddy2022tcp,
author = {Eddy, W.},
title = {RFC 9293: Transmission Control Protocol (TCP)},
year = {2022},
publisher = {RFC Editor},
address = {USA},
abstract = {This document specifies the Transmission Control Protocol (TCP).  TCP is an important transport-layer protocol in the Internet protocol stack, and it has continuously evolved over decades of use and growth of the Internet.  Over this time, a number of changes have been made to TCP as it was specified in RFC 793, though these have only been documented in a piecemeal fashion.  This document collects and brings those changes together with the protocol specification from RFC 793.  This document obsoletes RFC 793, as well as RFCs 879, 2873, 6093, 6429, 6528, and 6691 that updated parts of RFC 793.  It updates RFCs 1011 and 1122, and it should be considered as a replacement for the portions of those documents dealing with TCP requirements.  It also updates RFC 5961 by adding a small clarification in reset handling while in the SYN-RECEIVED state.  The TCP header control bits from RFC 793 have also been updated based on RFC 3168.}
}


@misc{rfc4217ftp,
    series =    {Request for Comments},
    number =    4217,
    howpublished =  {RFC 4217},
    publisher = {RFC Editor},
    doi =       {10.17487/RFC4217},
    url =       {https://www.rfc-editor.org/info/rfc4217},
    author =    {Paul Ford-Hutchinson},
    title =     {{Securing FTP with TLS}},
    pagetotal = 29,
    year =      2005,
    month =     oct,
    abstract =  {This document describes a mechanism that can be used by FTP clients and servers to implement security and authentication using the TLS protocol defined by RFC 2246, "The TLS Protocol Version 1.0.", and the extensions to the FTP protocol defined by RFC 2228, "FTP Security Extensions". It describes the subset of the extensions that are required and the parameters to be used, discusses some of the policy issues that clients and servers will need to take, considers some of the implications of those policies, and discusses some expected behaviours of implementations to allow interoperation. This document is intended to provide TLS support for FTP in a similar way to that provided for SMTP in RFC 2487, "SMTP Service Extension for Secure SMTP over Transport Layer Security", and HTTP in RFC 2817, "Upgrading to TLS Within HTTP/1.1.". This specification is in accordance with RFC 959, "File Transfer Protocol". It relies on RFC 2246, "The TLS Protocol Version 1.0.", and RFC 2228, "FTP Security Extensions". {[}STANDARDS-TRACK{]}},
}


@misc{mongodb2024embedding,
  author={MongoDB},
  title={Embedding MongoDB},
  year={2024},
  url={https://www.mongodb.com/resources/products/fundamentals/embedded-mongodb},
  note={Accedido: 2024-11-27},
}

@manual{iso8601,
  title     = "{ISO 8601-1:2019}: Date and time — Representations for information interchange — Part 1: Basic rules",
  author    = "{International Organization for Standardization}",
  year      = {2019},
  address   = {Geneva, Switzerland},
  publisher = "{ISO}",
  url       = {https://www.iso.org/standard/70907.html},
  note      = {Accessed: 2024-12-16}
}


@online{unix_time_wiki,
  title     = {Unix time},
  author    = {{Wikipedia contributors}},
  year      = {2024},
  url       = {https://en.wikipedia.org/wiki/Unix_time},
  note      = {Accessed: 2024-12-16}
}

@book{hai2007schema,
 title={Schema matching and mapping-based data integration: Architecture, approaches and evaluation},
 author={Hai, Do, Hong},
 year={2007},
 publisher={VDM Verlag}
}

@inproceedings{conn2005oltp,
  title={OLTP and OLAP data integration: a review of feasible implementation methods and architectures for real time data analysis},
  author={Conn, Samuel S},
  booktitle={Proceedings. IEEE SoutheastCon, 2005.},
  pages={515--520},
  year={2005},
  organization={IEEE}
}

@book{giordano2010data,
  title={Data integration blueprint and modeling: techniques for a scalable and sustainable architecture},
  author={Giordano, Anthony David},
  year={2010},
  publisher={Pearson Education}
}


@book{kimball2013data,
  title={The Data Warehouse Toolkit: The Definitive Guide to Dimensional Modeling},
  author={Kimball, Ralph and Ross, Margy},
  year={2013},
  edition={3rd},
  publisher={Wiley},
  address={Hoboken, NJ},
  isbn={978-1118530801}
}


@article{Devlin1988AnAF,
  title={An Architecture for a Business and Information System},
  author={Barry A. Devlin and Paul T. Murphy},
  journal={IBM Syst. J.},
  year={1988},
  volume={27},
  pages={60-80},
  url={https://api.semanticscholar.org/CorpusID:5401521}
}


@book{inmon1992building,
  title     = {Building the Data Warehouse},
  author    = {W.H. Inmon},
  year      = {1992},
  publisher = {John Wiley \& Sons},
  address   = {New York},
  isbn      = {978-0471577147}
}


@article{bourret1999xml,
  title={XML and Databases},
  author={Bourret, Ronald and others},
  year={1999}
}

@article{curbera2002soap,
  title={Unraveling the Web services web: an introduction to SOAP, WSDL, and UDDI},
  author={Curbera, Francisco and Duftler, Matthew and Khalaf, Rania and Nagy, William and Mukhi, Nirmal and Weerawarana, Sanjiva},
  journal={IEEE Internet computing},
  volume={6},
  number={2},
  pages={86--93},
  year={2002},
  publisher={IEEE}
}

@book{kimball1996data,
  title     = {The Data Warehouse Toolkit: Practical Techniques for Building Dimensional Data Warehouses},
  author    = {Ralph Kimball},
  year      = {1996},
  publisher = {John Wiley \& Sons},
  isbn      = {978-0471153379},
  address   = {New York, NY, USA}
}


@article{jameel2022analyses,
  title={Analyses the performance of data warehouse architecture types},
  author={Jameel, Karwan and Adil, Abdulmajeed and Bahjat, Maiwan},
  journal={Journal of Soft Computing and Data Mining},
  volume={3},
  number={1},
  pages={45--57},
  year={2022}
}

@article{nambiar2022overview,
  title={An overview of data warehouse and data lake in modern enterprise data management},
  author={Nambiar, Athira and Mundra, Divyansh},
  journal={Big data and cognitive computing},
  volume={6},
  number={4},
  pages={132},
  year={2022},
  publisher={MDPI}
}



@misc{dixon2010lake,
  author={Dixon, J},
  title={Pentaho, Hadoop, and Data Lakes},
  year={2010},
  url={https://jamesdixon.wordpress.com/2010/10/14/pentaho-hadoop-and-data-lakes/},
  note={Accedido: 2024-11-27},
}

@misc{hadoop,
  author={Apache Software Foundation},
  title={Apache Hadoop},
  url={https://hadoop.apache.org/},
  note={Accedido: 2024-11-27},
}

@misc{parquet,
  author={Apache Software Foundation},
  title={Apache Parquet},
  url={https://parquet.apache.org/docs/},
  note={Accedido: 2024-11-27},
}


@article{o2014embedding,
  title={Embedding AI and crowdsourcing in the big data lake},
  author={O'Leary, Daniel E},
  journal={IEEE Intelligent Systems},
  volume={29},
  number={5},
  pages={70--73},
  year={2014},
  publisher={IEEE}
}

@inproceedings{fang2015managing,
  title={Managing data lakes in big data era: What's a data lake and why has it became popular in data management ecosystem},
  author={Fang, Huang},
  booktitle={2015 IEEE International Conference on Cyber Technology in Automation, Control, and Intelligent Systems (CYBER)},
  pages={820--824},
  year={2015},
  organization={IEEE}
}

@inproceedings{madera2016next,
  title={The next information architecture evolution: the data lake wave},
  author={Madera, Cedrine and Laurent, Anne},
  booktitle={Proceedings of the 8th international conference on management of digital ecosystems},
  pages={174--180},
  year={2016}
}



@misc{sirosh2016lake,
  author={Sirosh, J},
  title={The Intelligent Data Lake},
  year={2016},
  url={https://azure.microsoft.com/fr-fr/blog/the-intelligent-data-lake/},
  note={Accedido: 2024-11-27},
}


@inproceedings{couto2019mapping,
  title={A Mapping Study about Data Lakes: An Improved Definition and Possible Architectures.},
  author={Couto, Julia and Borges, Olimar Teixeira and Ruiz, Duncan D and Marczak, Sabrina and Prikladnicki, Rafael},
  booktitle={SEKE},
  pages={453--578},
  year={2019}
}


@inproceedings{khine2018data,
  title={Data lake: a new ideology in big data era},
  author={Khine, Pwint Phyu and Wang, Zhao Shun},
  booktitle={ITM web of conferences},
  volume={17},
  pages={03025},
  year={2018},
  organization={EDP Sciences}
}

@article{mathis2017data,
  title={Data lakes},
  author={Mathis, Christian},
  journal={Datenbank-Spektrum},
  volume={17},
  number={3},
  pages={289--293},
  year={2017},
  publisher={Springer}
}

@article{sawadogo2021data,
  title={On data lake architectures and metadata management},
  author={Sawadogo, Pegdwend{\'e} and Darmont, J{\'e}r{\^o}me},
  journal={Journal of Intelligent Information Systems},
  volume={56},
  number={1},
  pages={97--120},
  year={2021},
  publisher={Springer}
}


@inproceedings{giebler2019leveraging,
  title={Leveraging the data lake: current state and challenges},
  author={Giebler, Corinna and Gr{\"o}ger, Christoph and Hoos, Eva and Schwarz, Holger and Mitschang, Bernhard},
  booktitle={Big Data Analytics and Knowledge Discovery: 21st International Conference, DaWaK 2019, Linz, Austria, August 26--29, 2019, Proceedings 21},
  pages={179--188},
  year={2019},
  organization={Springer}
}

@inproceedings{ravat2019data,
  title={Data lakes: Trends and perspectives},
  author={Ravat, Franck and Zhao, Yan},
  booktitle={Database and Expert Systems Applications: 30th International Conference, DEXA 2019, Linz, Austria, August 26--29, 2019, Proceedings, Part I 30},
  pages={304--313},
  year={2019},
  organization={Springer}
}

@book{inmon2016data,
  title={Data Lake Architecture: Designing the Data Lake and avoiding the garbage dump},
  author={Inmon, Bill},
  year={2016},
  publisher={Technics Publications, LLC}
}

@book{sharma2018architecting,
  title={Architecting data lakes: data management architectures for advanced business use cases},
  author={Sharma, Ben},
  year={2018},
  publisher={O'Reilly Media}
}


@inproceedings{armbrust2021lakehouse,
  title={Lakehouse: a new generation of open platforms that unify data warehousing and advanced analytics},
  author={Armbrust, Michael and Ghodsi, Ali and Xin, Reynold and Zaharia, Matei},
  booktitle={Proceedings of CIDR},
  volume={8},
  pages={28},
  year={2021}
}


@misc{tensorflow2015-whitepaper,
title={ {TensorFlow}: Large-Scale Machine Learning on Heterogeneous Systems},
url={https://www.tensorflow.org/},
note={Software available from tensorflow.org},
author={
    Mart\'{i}n~Abadi and
    Ashish~Agarwal and
    Paul~Barham and
    Eugene~Brevdo and
    Zhifeng~Chen and
    Craig~Citro and
    Greg~S.~Corrado and
    Andy~Davis and
    Jeffrey~Dean and
    Matthieu~Devin and
    Sanjay~Ghemawat and
    Ian~Goodfellow and
    Andrew~Harp and
    Geoffrey~Irving and
    Michael~Isard and
    Yangqing Jia and
    Rafal~Jozefowicz and
    Lukasz~Kaiser and
    Manjunath~Kudlur and
    Josh~Levenberg and
    Dandelion~Man\'{e} and
    Rajat~Monga and
    Sherry~Moore and
    Derek~Murray and
    Chris~Olah and
    Mike~Schuster and
    Jonathon~Shlens and
    Benoit~Steiner and
    Ilya~Sutskever and
    Kunal~Talwar and
    Paul~Tucker and
    Vincent~Vanhoucke and
    Vijay~Vasudevan and
    Fernanda~Vi\'{e}gas and
    Oriol~Vinyals and
    Pete~Warden and
    Martin~Wattenberg and
    Martin~Wicke and
    Yuan~Yu and
    Xiaoqiang~Zheng},
  year={2015},
}

@article{manola2004rdf,
  title={RDF primer},
  author={Manola, Frank and Miller, Eric and McBride, Brian and others},
  journal={W3C recommendation},
  volume={10},
  number={1-107},
  pages={6},
  year={2004},
  publisher={Citeseer}
}

@inproceedings{perez2006semantics,
  title={Semantics and Complexity of SPARQL},
  author={P{\'e}rez, Jorge and Arenas, Marcelo and Gutierrez, Claudio},
  booktitle={International semantic web conference},
  pages={30--43},
  year={2006},
  organization={Springer}
}


@article{decker2005triple,
  title={Triple-and RDF Rule Language with Context and Use Cases},
  author={Decker, Stefan and Sintek, Michael and Billig, Andreas and Henze, Nicola and Dolog, Peter and Nejdl, Wolfgang and Harth, Andreas and Leicher, Andreas and Busse, Susanne and Guy Suess, J and others},
  year={2005}
}

@inproceedings{haase2004comparison,
  title={A comparison of RDF query languages},
  author={Haase, Peter and Broekstra, Jeen and Eberhart, Andreas and Volz, Raphael},
  booktitle={The Semantic Web--ISWC 2004: Third International Semantic Web Conference, Hiroshima, Japan, November 7-11, 2004. Proceedings 3},
  pages={502--517},
  year={2004},
  organization={Springer}
}

@article{malik2016big,
  title={Big-data: transformation from heterogeneous data to semantically-enriched simplified data},
  author={Malik, Kaleem Razzaq and Ahmad, Tauqir and Farhan, Muhammad and Aslam, Muhammad and Jabbar, Sohail and Khalid, Shehzad and Kim, Mucheol},
  journal={Multimedia Tools and Applications},
  volume={75},
  pages={12727--12747},
  year={2016},
  publisher={Springer}
}


@article{angles2008survey,
  title={Survey of graph database models},
  author={Angles, Renzo and Gutierrez, Claudio},
  journal={ACM Computing Surveys (CSUR)},
  volume={40},
  number={1},
  pages={1--39},
  year={2008},
  publisher={ACM New York, NY, USA}
}


@misc{neo4jgraph,
  author={Neo4J, Inc},
  title={What is a graph database},
  url={https://neo4j.com/docs/getting-started/graph-database/},
  note={Accedido: 2024-11-27},
}

@misc{neo4jgraphuses,
  author={Neo4J, Inc},
  title={Use cases},
  url={https://neo4j.com/use-cases/},
  note={Accedido: 2024-11-27},
}


@misc{neo4jcypher,
  author={Neo4J, Inc},
  title={What is Cypher},
  url={https://neo4j.com/docs/getting-started/cypher/},
  note={Accedido: 2024-11-27},
}

@book{bondy2008graph,
  title={Graph theory},
  author={Bondy, John Adrian and Murty, Uppaluri Siva Ramachandra},
  year={2008},
  publisher={Springer Publishing Company, Incorporated}
}

@article{taylor1976codasyl,
  title={CODASYL data-base management systems},
  author={Taylor, Robert W and Frank, Randall L},
  journal={ACM Computing Surveys (CSUR)},
  volume={8},
  number={1},
  pages={67--103},
  year={1976},
  publisher={ACM New York, NY, USA}
}

@book{hubbard1986ims,
  title={IMS (DL/1) data base organization and performance},
  author={Hubbard, George U},
  year={1986},
  publisher={Van Nostrand Reinhold Co.}
}

@book{harrison2015next,
  title={Next Generation Databases: NoSQLand Big Data},
  author={Harrison, Guy},
  year={2015},
  publisher={Apress}
}

@article{codd1970relational,
  title={A relational model of data for large shared data banks},
  author={Codd, Edgar F},
  journal={Communications of the ACM},
  volume={13},
  number={6},
  pages={377--387},
  year={1970},
  publisher={ACM New York, NY, USA}
}

@article{chamberlin2012early,
  title={Early history of SQL},
  author={Chamberlin, Donald D},
  journal={IEEE Annals of the History of Computing},
  volume={34},
  number={4},
  pages={78--82},
  year={2012},
  publisher={IEEE}
}

@article{strauch2011nosql,
  title={NoSQL databases},
  author={Strauch, Christof and Sites, Ultra-Large Scale and Kriha, Walter},
  journal={Lecture Notes, Stuttgart Media University},
  volume={20},
  number={24},
  pages={79},
  year={2011}
}


@inproceedings{pokorny2011nosql,
  title={NoSQL databases: a step to database scalability in web environment},
  author={Pokorny, Jaroslav},
  booktitle={Proceedings of the 13th International Conference on Information Integration and Web-based Applications and Services},
  pages={278--283},
  year={2011}
}

@article{gilbert2012perspectives,
  title={Perspectives on the CAP Theorem},
  author={Gilbert, Seth and Lynch, Nancy},
  journal={Computer},
  volume={45},
  number={2},
  pages={30--36},
  year={2012},
  publisher={IEEE}
}

@article{vogels2008eventually,
  title={Eventually consistent-revisited},
  author={Vogels, Werner},
  journal={http://www. allthingsdistributed. com/2008/12/eventually\_consistent. html},
  year={2008}
}

@book{vaish2013getting,
  title={Getting started with NoSQL},
  author={Vaish, Gaurav},
  year={2013},
  publisher={Packt Pub.}
}


@inproceedings{sagiroglu2013big,
  title={Big data: A review},
  author={Sagiroglu, Seref and Sinanc, Duygu},
  booktitle={2013 international conference on collaboration technologies and systems (CTS)},
  pages={42--47},
  year={2013},
  organization={IEEE}
}



@book{leach2007introduction,
  title={An introduction to chemoinformatics},
  author={Leach, Andrew R and Gillet, Valerie J},
  year={2007},
  publisher={Springer}
}


@article{heller2015inchi,
  title={InChI, the IUPAC international chemical identifier},
  author={Heller, Stephen R and McNaught, Alan and Pletnev, Igor and Stein, Stephen and Tchekhovskoi, Dmitrii},
  journal={Journal of cheminformatics},
  volume={7},
  pages={1--34},
  year={2015},
  publisher={Springer}
}

@article{dalby1992description,
  title={Description of several chemical structure file formats used by computer programs developed at Molecular Design Limited},
  author={Dalby, Arthur and Nourse, James G and Hounshell, W Douglas and Gushurst, Ann KI and Grier, David L and Leland, Burton A and Laufer, John},
  journal={Journal of chemical information and computer sciences},
  volume={32},
  number={3},
  pages={244--255},
  year={1992},
  publisher={ACS Publications}
}


@article{weininger1988smiles,
  title={SMILES, a chemical language and information system. 1. Introduction to methodology and encoding rules},
  author={Weininger, David},
  journal={Journal of chemical information and computer sciences},
  volume={28},
  number={1},
  pages={31--36},
  year={1988},
  publisher={ACS Publications}
}

@article{cereto2015molecular,
  title={Molecular fingerprint similarity search in virtual screening},
  author={Cereto-Massagu{\'e}, Adri{\`a} and Ojeda, Mar{\'\i}a Jos{\'e} and Valls, Cristina and Mulero, Miquel and Garcia-Vallv{\'e}, Santiago and Pujadas, Gerard},
  journal={Methods},
  volume={71},
  pages={58--63},
  year={2015},
  publisher={Elsevier}
}

@article{rogers2010extended,
  title={Extended-connectivity fingerprints},
  author={Rogers, David and Hahn, Mathew},
  journal={Journal of chemical information and modeling},
  volume={50},
  number={5},
  pages={742--754},
  year={2010},
  publisher={ACS Publications}
}

@article{willett2005searching,
  title={Searching techniques for databases of two-and three-dimensional chemical structures},
  author={Willett, Peter},
  journal={Journal of Medicinal Chemistry},
  volume={48},
  number={13},
  pages={4183--4199},
  year={2005},
  publisher={ACS Publications}
}


@article{bajusz2015tanimoto,
  title={Why is Tanimoto index an appropriate choice for fingerprint-based similarity calculations?},
  author={Bajusz, D{\'a}vid and R{\'a}cz, Anita and H{\'e}berger, K{\'a}roly},
  journal={Journal of cheminformatics},
  volume={7},
  pages={1--13},
  year={2015},
  publisher={Springer}
}



@article{sorokina2020review,
  title={Review on natural products databases: where to find data in 2020},
  author={Sorokina, Maria and Steinbeck, Christoph},
  journal={Journal of cheminformatics},
  volume={12},
  number={1},
  pages={20},
  year={2020},
  publisher={Springer}
}



@article{gomez2023navigating,
  title={Navigating the chemical space and chemical multiverse of a unified Latin American natural product database: LANaPDB},
  author={G{\'o}mez-Garc{\'\i}a, Alejandro and Jim{\'e}nez, Daniel A Acu{\~n}a and Zamora, William J and Barazorda-Ccahuana, Haruna L and Ch{\'a}vez-Fumagalli, Miguel {\'A} and Valli, Marilia and Andricopulo, Adriano D and Bolzani, Vanderlan da S and Olmedo, Dionisio A and Sol{\'\i}s, Pablo N and others},
  journal={Pharmaceuticals},
  volume={16},
  number={10},
  pages={1388},
  year={2023},
  publisher={MDPI}
}



@article{gomez2022progress,
  title={Progress and impact of Latin American natural product databases},
  author={G{\'o}mez-Garc{\'\i}a, Alejandro and Medina-Franco, Jos{\'e} L},
  journal={Biomolecules},
  volume={12},
  number={9},
  pages={1202},
  year={2022},
  publisher={MDPI}
}

@article{sorokina2021coconut,
  title={COCONUT online: collection of open natural products database},
  author={Sorokina, Maria and Merseburger, Peter and Rajan, Kohulan and Yirik, Mehmet Aziz and Steinbeck, Christoph},
  journal={Journal of Cheminformatics},
  volume={13},
  number={1},
  pages={2},
  year={2021},
  publisher={Springer}
}


@article{valli2013development,
  title={Development of a natural products database from the biodiversity of Brazil},
  author={Valli, Marilia and Dos Santos, Ricardo N and Figueira, Leandro D and Nakajima, C{\'\i}ntia H and Castro-Gamboa, Ian and Andricopulo, Adriano D and Bolzani, Vanderlan S},
  journal={Journal of Natural Products},
  volume={76},
  number={3},
  pages={439--444},
  year={2013},
  publisher={ACS Publications}
}

@article{pilon2017nubbedb,
  title={NuBBEDB: an updated database to uncover chemical and biological information from Brazilian biodiversity},
  author={Pilon, Alan C and Valli, Marilia and Dametto, Alessandra C and Pinto, Meri Emili F and Freire, Rafael T and Castro-Gamboa, Ian and Andricopulo, Adriano D and Bolzani, Vanderlan S},
  journal={Scientific Reports},
  volume={7},
  number={1},
  pages={7215},
  year={2017},
  publisher={Nature Publishing Group UK London}
}


@article{scotti2018sistematx,
  title={SistematX, an online web-based cheminformatics tool for data management of secondary metabolites},
  author={Scotti, Marcus Tullius and Herrera-Acevedo, Chonny and Oliveira, Tiago Branquinho and Costa, Renan Paiva Oliveira and Santos, Silas Yudi Konno de Oliveira and Rodrigues, Ricardo Pereira and Scotti, Luciana and Da-Costa, Fernando Batista},
  journal={Molecules},
  volume={23},
  number={1},
  pages={103},
  year={2018},
  publisher={MDPI}
}

@article{costa2021sistematx,
  title={The SistematX web portal of natural products: An update},
  author={Costa, Renan PO and Lucena, Lucas F and Silva, Lorena Mara A and Zocolo, Guilherme Juli{\~a}o and Herrera-Acevedo, Chonny and Scotti, Luciana and Da-Costa, Fernando Batista and Ionov, Nikita and Poroikov, Vladimir and Muratov, Eugene N and others},
  journal={Journal of Chemical Information and Modeling},
  volume={61},
  number={6},
  pages={2516--2522},
  year={2021},
  publisher={ACS Publications}
}


@misc{uefsnp,
  title={UEFS Natural Products},
  url={http://zinc12.docking.org/catalogs/ uefsnp.},
  note={Accedido: 2024-11-27},
}

@article{rodriguez2024npdbejecol,
  title={NPDBEjeCol: a natural products database from Colombia},
  author={Rodr{\'\i}guez-P{\'e}rez, Johny Roberto and Valencia-Sanchez, Hoover Albeiro and Mosquera-Martinez, Oscar Marino and G{\'o}mez-Garc{\'\i}a, Alejandro and Medina-Franco, Jose Luis and Cortes-Hernandez, Hector Fabio},
  year={2024}
}


@misc{uniiquim,
  title={UNIIQUIM},
  url={https://uniiquim.iquimica.unam.mx/},
  note={Accedido: 2024-11-27},
}

@article{pilon2019biofacquim,
  title={BIOFACQUIM: a Mexican compound database of natural products},
  author={Pil{\'o}n-Jim{\'e}nez, B Ang{\'e}lica and Sald{\'\i}var-Gonz{\'a}lez, Fernanda I and D{\'\i}az-Eufracio, B{\'a}rbara I and Medina-Franco, Jos{\'e} L},
  journal={Biomolecules},
  volume={9},
  number={1},
  pages={31},
  year={2019},
  publisher={MDPI}
}


@article{sanchez2020functional,
  title={Functional group and diversity analysis of BIOFACQUIM: A Mexican natural product database},
  author={S{\'a}nchez-Cruz, Norberto and Pil{\'o}n-Jim{\'e}nez, B Ang{\'e}lica and Medina-Franco, Jos{\'e} L},
  journal={F1000Research},
  volume={8},
  pages={Chem--Inf},
  year={2020}
}


@article{olmedo2017cheminformatic,
  title={Cheminformatic characterization of natural products from Panama},
  author={Olmedo, Dionisio A and Gonz{\'a}lez-Medina, Mariana and Gupta, Mahabir P and Medina-Franco, Jos{\'e} L},
  journal={Molecular Diversity},
  volume={21},
  number={4},
  pages={779--789},
  year={2017},
  publisher={Springer}
}

@book{olmedo2019chemoinformatic,
  title={Chemoinformatic approach: The case of natural products of Panama},
  author={Olmedo, Dionisio A and Medina-Franco, Jos{\'e} L},
  volume={10},
  year={2019},
  publisher={doi}
}

@article{barazorda2023perunpdb,
  title={PeruNPDB: The Peruvian natural products database for in silico drug screening},
  author={Barazorda-Ccahuana, Haruna L and Ranilla, Lena G{\'a}lvez and Candia-Puma, Mayron Antonio and C{\'a}rcamo-Rodriguez, Eymi Gladys and Centeno-Lopez, Angela Emperatriz and Davila-Del-Carpio, Gonzalo and Medina-Franco, Jos{\'e} L and Ch{\'a}vez-Fumagalli, Miguel Angel},
  journal={Scientific Reports},
  volume={13},
  number={1},
  pages={7577},
  year={2023},
  publisher={Nature Publishing Group UK London}
}

@article{martinez2024naturar,
  title={NaturAr, a collaborative, open source, database of natural products from Argentinian biodiversity for drug discovery and bioprospecting},
  author={Mart{\'\i}nez-Heredia, Leandro and Quispe, Patricia and Fern{\'a}ndez, Juli{\'a}n and Lavecchia, Martin},
  year={2024}
}

@incollection{bai2022jdbc,
  title={JDBC API and JDBC Drivers},
  author={Bai, Ying},
  booktitle={Oracle Database Programming with Java},
  pages={67--86},
  year={2022},
  publisher={Auerbach Publications}
}

@article{voigt2017eu,
  title={The eu general data protection regulation (gdpr)},
  author={Voigt, Paul and Von dem Bussche, Axel},
  journal={A Practical Guide, 1st Ed., Cham: Springer International Publishing},
  volume={10},
  number={3152676},
  pages={10--5555},
  year={2017},
  publisher={Springer}
}

@article{cohen2018hipaa,
  title={HIPAA and protecting health information in the 21st century},
  author={Cohen, I Glenn and Mello, Michelle M},
  journal={Jama},
  volume={320},
  number={3},
  pages={231--232},
  year={2018},
  publisher={American Medical Association}
}


@misc{gdpr,
  title={General Data Protection Regulation},
  url={https://gdpr-info.eu/},
  note={Accedido: 2024-11-27},
}

@misc{hipaa,
  title={Health Insurance Portability and Accountability Act},
  url={https://www.hhs.gov/hipaa/index.html},
  note={Accedido: 2024-11-27},
}

@misc{creativecommons,
  title={Creative Commons},
  url={https://creativecommons.org/},
  note={Accedido: 2024-11-27},
}


@inproceedings{kiran2015lambda,
  title={Lambda architecture for cost-effective batch and speed big data processing},
  author={Kiran, Mariam and Murphy, Peter and Monga, Inder and Dugan, Jon and Baveja, Sartaj Singh},
  booktitle={2015 IEEE international conference on big data (big data)},
  pages={2785--2792},
  year={2015},
  organization={IEEE}
}

@article{machado2022data,
  title={Data mesh: concepts and principles of a paradigm shift in data architectures},
  author={Machado, In{\^e}s Ara{\'u}jo and Costa, Carlos and Santos, Maribel Yasmina},
  journal={Procedia Computer Science},
  volume={196},
  pages={263--271},
  year={2022},
  publisher={Elsevier}
}